@article{1093941,
  author  = {Wen-Hsiung Chen and Smith, C. and Fralick, S.},
  journal = {IEEE Transactions on Communications},
  title   = {A Fast Computational Algorithm for the Discrete Cosine Transform},
  year    = {1977},
  volume  = {25},
  number  = {9},
  pages   = {1004-1009},
  doi     = {10.1109/TCOM.1977.1093941}
}

@article{DCTUFFT,
  author  = {Narasimha, M. and Peterson, A.},
  journal = {IEEE Transactions on Communications},
  title   = {On the Computation of the Discrete Cosine Transform},
  year    = {1978},
  volume  = {26},
  number  = {6},
  pages   = {934-936},
  doi     = {10.1109/TCOM.1978.1094144}
}

@article{DCT,
  author  = {Ahmed, N. and Natarajan, T. and Rao, K.R.},
  journal = {IEEE Transactions on Computers},
  title   = {Discrete Cosine Transform},
  year    = {1974},
  volume  = {C-23},
  number  = {1},
  pages   = {90-93},
  doi     = {10.1109/T-C.1974.223784}
}

@article{CTAlg,
  issn      = {00255718, 10886842},
  url       = {http://www.jstor.org/stable/2003354},
  author    = {James W. Cooley and John W. Tukey},
  journal   = {Mathematics of Computation},
  number    = {90},
  pages     = {297--301},
  publisher = {American Mathematical Society},
  title     = {An Algorithm for the Machine Calculation of Complex Fourier Series},
  urldate   = {2022-05-23},
  volume    = {19},
  year      = {1965}
}


@online{radersalg,
  author  = {{Wikipedia}},
  title   = {{Rader's Algorithm}},
  url     = {https://en.wikipedia.org/wiki/Rader\%27s\_FFT\_algorithm},
  urldate = {2022-06-01}
}

@online{githubfft,
  author  = {{Ludwig Neste}},
  title   = {{FFT Algorithm}},
  url     = {https://github.com/The-Ludwig/ComputationalPhysicsSU22/blob/main/Project08-ImageFourierTransform/fft.hpp},
  urldate = {2022-06-01}
}


@online{fftw,
  author  = {Matteo Frigo and Steven G. Johnson},
  title   = {{FFTW}},
  url     = {https://fftw.org},
  urldate = {2022-06-01}
}


@online{fftoreil,
  author  = {{O'REILLY}},
  title   = {{Computing the Fast Fourier Transform}},
  url     = {https://www.oreilly.com/library/view/c-cookbook/0596007612/ch11s18.html},
  urldate = {2022-06-01}
}

@online{boostgil,
  author  = {{Boost}},
  title   = {{Generic Image Library}},
  url     = {https://www.boost.org/doc/libs/1_78_0/libs/gil/doc/html/index.html},
  urldate = {2022-06-01}
}

@online{webbimg,
  author  = {{NASA}},
  title   = {{Webb Images \& Videos}},
  url     = {https://webb.nasa.gov/content/multimedia/index.html},
  urldate = {2022-06-01}
}

@online{dune,
  author  = {{Greg Ruth}},
  url     = {https://mondoshop.com/products/dune-poster-1},
  urldate = {2022-06-01}
}
