@article{realistic,
  title     = {Diffuse well analysis of exotic decay of heavy nuclei},
  author    = {Buck, B. and Merchant, A. C. and Perez, S. M. and Tripe, P.},
  journal   = {Phys. Rev. C},
  volume    = {47},
  issue     = {3},
  pages     = {1307--1308},
  numpages  = {0},
  year      = {1993},
  month     = {Mar},
  publisher = {American Physical Society},
  doi       = {10.1103/PhysRevC.47.1307},
  url       = {https://link.aps.org/doi/10.1103/PhysRevC.47.1307}
}